@misc{amazonWhatRNN,
  author       = {},
  title        = {{W}hat is {R}{N}{N}? - {R}ecurrent {N}eural {N}etworks {E}xplained - {A}{W}{S} --- aws.amazon.com},
  howpublished = {\url{https://aws.amazon.com/what-is/recurrent-neural-network/#:~:text=RNNs%20work%20by%20passing%20the,a%20short%2Dterm%20memory%20component.}},
  year         = {},
  note         = {[Accessed 30-11-2024]}
}

@misc{analyticsvidhyaChallengeVanishingExploding,
  author       = {Yash},
  title        = {{T}he {C}hallenge of {V}anishing/{E}xploding {G}radients in {D}eep {N}eural {N}etworks --- analyticsvidhya.com},
  howpublished = {\url{https://www.analyticsvidhya.com/blog/2021/06/the-challenge-of-vanishing-exploding-gradients-in-deep-neural-networks/#h-what-is-vanishing-gradient}},
  year         = {},
  note         = {[Accessed 01-12-2024]}
}

@misc{em360techWhatGated,
  author       = {},
  title        = {{W}hat is a {G}ated {R}ecurent {U}nit ({G}{R}{U}) and {H}ow {D}oes it {W}ork? | {E}nterprise {T}ech {N}ews {E}{M}360{T}ech --- em360tech.com},
  howpublished = {\url{https://em360tech.com/tech-article/gated-recurrent-unit-gru#:~:text=By%20using%20the%20reset%20gate,more%20complex%20patterns%20in%20sequences.}},
  year         = {},
  note         = {[Accessed 01-12-2024]}
}
@misc{geeksforgeeksGatedRecurrent,
  author       = {},
  title        = {{G}ated {R}ecurrent {U}nit {N}etworks - {G}eeksfor{G}eeks --- geeksforgeeks.org},
  howpublished = {\url{https://www.geeksforgeeks.org/gated-recurrent-unit-networks/}},
  year         = {},
  note         = {[Accessed 01-12-2024]}
}

@misc{asx,
  author       = {},
  title        = {asx.com.au},
  howpublished = {\url{https://www.asx.com.au/blog/investor-update/2024/the--best--and-the--worst--months-for-shares}},
  year         = {},
  note         = {[Accessed 04-12-2024]}
}